Empirical Studies on SO
  
@inproceedings{Yang:2017_AnySnippetsThere,
 author = {Yang, Di and Martins, Pedro and Saini, Vaibhav and Lopes, Cristina},
 title = {Stack Overflow in Github: Any Snippets There?},
 booktitle = {Proceedings of the 14th International Conference on Mining Software Repositories},
 series = {MSR '17},
 year = {2017},
 isbn = {978-1-5386-1544-7},
 location = {Buenos Aires, Argentina},
 pages = {280--290},
 numpages = {11},
 url = {https://doi.org/10.1109/MSR.2017.13},
 doi = {10.1109/MSR.2017.13},
 acmid = {3104224},
 publisher = {IEEE Press},
 address = {Piscataway, NJ, USA},
 keywords = {code clone, code reuse, large-scale analysis},
} 



@INPROCEEDINGS{DSouze:2016_CollectiveIntelligence, 
author={A. R. Dâ€™Souza and D. Yang and C. V. Lopes}, 
booktitle={2016 IEEE 16th International Working Conference on Source Code Analysis and Manipulation (SCAM)}, 
title={Collective Intelligence for Smarter API Recommendations in Python}, 
year={2016}, 
volume={}, 
number={}, 
pages={51-60}, 
keywords={Java;application program interfaces;query processing;recommender systems;software engineering;Java;PyReco;Python;application programming interfaces;code completion queries;collective intelligence;intelligent code completion system;smarter API recommendation;ten-fold cross validation technique;Bayes methods;Context;Data mining;Documentation;Java;Libraries;Standards;API Recommendations;Code completion;Code recommenders;Dynamic languages;Program Analysis;Python;Static Analysis;Usage Mining}, 
doi={10.1109/SCAM.2016.22}, 
ISSN={}, 
month={Oct},}


@inproceedings{Yang:2016_FromQueryToUsableCode,
 author = {Yang, Di and Hussain, Aftab and Lopes, Cristina Videira},
 title = {From Query to Usable Code: An Analysis of Stack Overflow Code Snippets},
 booktitle = {Proceedings of the 13th International Conference on Mining Software Repositories},
 series = {MSR '16},
 year = {2016},
 isbn = {978-1-4503-4186-8},
 location = {Austin, Texas},
 pages = {391--402},
 numpages = {12},
 url = {http://doi.acm.org/10.1145/2901739.2901767},
 doi = {10.1145/2901739.2901767},
 acmid = {2901767},
 publisher = {ACM},
 address = {New York, NY, USA},
 keywords = {automatic program generation, code mining},
} 


@INPROCEEDINGS{An:2017_SOACodeLaunderingPlatform, 
author={L. An and O. Mlouki and F. Khomh and G. Antoniol}, 
booktitle={2017 IEEE 24th International Conference on Software Analysis, Evolution and Reengineering (SANER)}, 
title={Stack Overflow: A code laundering platform?}, 
year={2017}, 
volume={}, 
number={}, 
pages={283-293}, 
keywords={Android (operating system);question answering (information retrieval);software reusability;source code (software);Android apps;Creative Commons Attribute-ShareAlike 3.0 Unported license;Q&A Web-sites;code clones;code examples;code laundering platform;code posting;coding problems;license violations;question and answer Web sites;software engineering community;stack overflow;unethical code reuse activities;Androids;Cloning;Humanoid robots;Java;Licenses;Open source software;Knowledge repository;Mining software repositories;Q&A website;Software licenses;Stack Overflow}, 
doi={10.1109/SANER.2017.7884629}, 
ISSN={}, 
month={Feb},}

@INPROCEEDINGS{Baltes:2017_AttributionRequired, 
author={S. Baltes and R. Kiefer and S. Diehl}, 
booktitle={2017 IEEE/ACM 39th International Conference on Software Engineering Companion (ICSE-C)}, 
title={Attribution Required: Stack Overflow Code Snippets in GitHub Projects}, 
year={2017}, 
volume={}, 
number={}, 
pages={161-163}, 
keywords={Web sites;law;question answering (information retrieval);software maintenance;software reusability;source code (software);GitHub projects;Q&A Website;SO license model;copyable code snippets;legal issues;maintenance issues;stack overflow code snippets;Java;Law;Licenses;Maintenance engineering;Software;Software engineering;code snippets;copy-and-paste programming;empirical study;github;licensing;stack overflow;survey}, 
doi={10.1109/ICSE-C.2017.99}, 
ISSN={}, 
month={May},}


@inproceedings{Gabel:2010_UniquenessOfCode,
 author = {Gabel, Mark and Su, Zhendong},
 title = {A Study of the Uniqueness of Source Code},
 booktitle = {Proceedings of the Eighteenth ACM SIGSOFT International Symposium on Foundations of Software Engineering},
 series = {FSE '10},
 year = {2010},
 isbn = {978-1-60558-791-2},
 location = {Santa Fe, New Mexico, USA},
 pages = {147--156},
 numpages = {10},
 url = {http://doi.acm.org/10.1145/1882291.1882315},
 doi = {10.1145/1882291.1882315},
 acmid = {1882315},
 publisher = {ACM},
 address = {New York, NY, USA},
 keywords = {large scale study, software uniqueness, source code},
} 


Stack Overflow as DataSet

@inproceedings{Ponzanelli:2015:STORM_SODataset,
 author = {Ponzanelli, Luca and Mocci, Andrea and Lanza, Michele},
 title = {StORMeD: Stack Overflow Ready Made Data},
 booktitle = {Proceedings of the 12th Working Conference on Mining Software Repositories},
 series = {MSR '15},
 year = {2015},
 isbn = {978-0-7695-5594-2},
 location = {Florence, Italy},
 pages = {474--477},
 numpages = {4},
 url = {http://dl.acm.org/citation.cfm?id=2820518.2820591},
 acmid = {2820591},
 publisher = {IEEE Press},
 address = {Piscataway, NJ, USA},
} 


Solutions for Improving SO Code Usability - Software Engineering

@inproceedings{Bacchelli:2012_HarnessingSOForTheIDE,
 author = {Bacchelli, Alberto and Ponzanelli, Luca and Lanza, Michele},
 title = {Harnessing Stack Overflow for the IDE},
 booktitle = {Proceedings of the Third International Workshop on Recommendation Systems for Software Engineering},
 series = {RSSE '12},
 year = {2012},
 isbn = {978-1-4673-1759-7},
 location = {Zurich, Switzerland},
 pages = {26--30},
 numpages = {5},
 url = {http://dl.acm.org/citation.cfm?id=2666719.2666725},
 acmid = {2666725},
 publisher = {IEEE Press},
 address = {Piscataway, NJ, USA},
 keywords = {Q\&\#38;A websites, seahawk, stack overflow},
} 

@inproceedings{Zhong:2017_Boosting,
 author = {Zhong, Hao and Wang, Xiaoyin},
 title = {Boosting Complete-code Tool for Partial Program},
 booktitle = {Proceedings of the 32Nd IEEE/ACM International Conference on Automated Software Engineering},
 series = {ASE 2017},
 year = {2017},
 isbn = {978-1-5386-2684-9},
 location = {Urbana-Champaign, IL, USA},
 pages = {671--681},
 numpages = {11},
 url = {http://dl.acm.org/citation.cfm?id=3155562.3155646},
 acmid = {3155646},
 publisher = {IEEE Press},
 address = {Piscataway, NJ, USA},
 keywords = {Partial program, boosting complete-code tool, program analysis},
} 

@INPROCEEDINGS{Phan:2017_StatisticalLearning, 
author={H. Phan and H. A. Nguyen and T. N. Nguyen and H. Rajan}, 
booktitle={2017 IEEE/ACM 39th International Conference on Software Engineering: New Ideas and Emerging Technologies Results Track (ICSE-NIER)}, 
title={Statistical Learning for Inference between Implementations and Documentation}, 
year={2017}, 
volume={}, 
number={}, 
pages={27-30}, 
keywords={application program interfaces;language translation;learning (artificial intelligence);software libraries;source code (software);statistical analysis;system documentation;API documentation;SMT;abstraction levels;behavioral exception documentation generation;implementation-documentation inference;libraries;source code;statistical learning;statistical machine translation;Computational modeling;Data mining;Documentation;Indexes;Libraries;Semantics;Training;API documentation generation;statistical machine translation}, 
doi={10.1109/ICSE-NIER.2017.9}, 
ISSN={}, 
month={May},}



@inproceedings{Ponzanelli:2017_Holistic,
 author = {Ponzanelli, Luca and Scalabrino, Simone and Bavota, Gabriele and Mocci, Andrea and Oliveto, Rocco and Di Penta, Massimiliano and Lanza, Michele},
 title = {Supporting Software Developers with a Holistic Recommender System},
 booktitle = {Proceedings of the 39th International Conference on Software Engineering},
 series = {ICSE '17},
 year = {2017},
 isbn = {978-1-5386-3868-2},
 location = {Buenos Aires, Argentina},
 pages = {94--105},
 numpages = {12},
 url = {https://doi.org/10.1109/ICSE.2017.17},
 doi = {10.1109/ICSE.2017.17},
 acmid = {3097381},
 publisher = {IEEE Press},
 address = {Piscataway, NJ, USA},
 keywords = {mining unstructured data, recommender systems},
} 

@inproceedings{Ponzanelli:2014_Prompter,
 author = {Ponzanelli, Luca and Bavota, Gabriele and Penta, Massimiliano Di and Oliveto, Rocco and Lanza, Michele},
 title = {Prompter: A Self-Confident Recommender System},
 booktitle = {Proceedings of the 2014 IEEE International Conference on Software Maintenance and Evolution},
 series = {ICSME '14},
 year = {2014},
 isbn = {978-1-4799-6146-7},
 pages = {577--580},
 numpages = {4},
 url = {http://dx.doi.org/10.1109/ICSME.2014.99},
 doi = {10.1109/ICSME.2014.99},
 acmid = {2706035},
 publisher = {IEEE Computer Society},
 address = {Washington, DC, USA},
} 

@inproceedings{Ponzanelli:2013_SeaHawk,
 author = {Ponzanelli, Luca and Bacchelli, Alberto and Lanza, Michele},
 title = {Seahawk: Stack Overflow in the IDE},
 booktitle = {Proceedings of the 2013 International Conference on Software Engineering},
 series = {ICSE '13},
 year = {2013},
 isbn = {978-1-4673-3076-3},
 location = {San Francisco, CA, USA},
 pages = {1295--1298},
 numpages = {4},
 url = {http://dl.acm.org/citation.cfm?id=2486788.2486988},
 acmid = {2486988},
 publisher = {IEEE Press},
 address = {Piscataway, NJ, USA},
} 

@inproceedings{Ponzanelli:2014_MiningSOTurnIDE,
 author = {Ponzanelli, Luca and Bavota, Gabriele and Di Penta, Massimiliano and Oliveto, Rocco and Lanza, Michele},
 title = {Mining StackOverflow to Turn the IDE into a Self-confident Programming Prompter},
 booktitle = {Proceedings of the 11th Working Conference on Mining Software Repositories},
 series = {MSR 2014},
 year = {2014},
 isbn = {978-1-4503-2863-0},
 location = {Hyderabad, India},
 pages = {102--111},
 numpages = {10},
 url = {http://doi.acm.org/10.1145/2597073.2597077},
 doi = {10.1145/2597073.2597077},
 acmid = {2597077},
 publisher = {ACM},
 address = {New York, NY, USA},
 keywords = {Developers Support, Empirical Studies, Recommender Systems},
}

@inproceedings{Nielebock:2017_TowardsAPIAutomaticProgramRepair,
 author = {Nielebock, Sebastian},
 title = {Towards API-specific Automatic Program Repair},
 booktitle = {Proceedings of the 32Nd IEEE/ACM International Conference on Automated Software Engineering},
 series = {ASE 2017},
 year = {2017},
 isbn = {978-1-5386-2684-9},
 location = {Urbana-Champaign, IL, USA},
 pages = {1010--1013},
 numpages = {4},
 url = {http://dl.acm.org/citation.cfm?id=3155562.3155697},
 acmid = {3155697},
 publisher = {IEEE Press},
 address = {Piscataway, NJ, USA},
 keywords = {API-specific Bugs, Automatic Program Repair, Specification Mining},
} 

GHTorrent
@inproceedings{Gousi13_GHTorrent,
  author = {Gousios, Georgios},
  title = {The GHTorrent dataset and tool suite},
  booktitle = {Proceedings of the 10th Working Conference on Mining Software
    Repositories},
  series = {MSR '13},
  year = {2013},
  isbn = {978-1-4673-2936-1},
  location = {San Francisco, CA, USA},
  pages = {233--236},
  numpages = {4},
  url = {http://dl.acm.org/citation.cfm?id=2487085.2487132},
  acmid = {2487132},
  publisher = {IEEE Press},
  address = {Piscataway, NJ, USA},
}


@inproceedings{Rahman:2019_CleaningStackOverflowforMT,
author = {Rahman, Musfiqur and Rigby, Peter C and Palani, Dharani and Nguyen, Tien},
title = {Cleaning StackOverflow for Machine Translation},
year = {2019},
publisher = {IEEE Press},
url = {https://doi.org/10.1109/MSR.2019.00021},
doi = {10.1109/MSR.2019.00021},
booktitle = {Proceedings of the 16th International Conference on Mining Software Repositories},
pages = {79â€“83},
numpages = {5},
location = {Montreal, Quebec, Canada},
series = {MSR â€™19}
}

@inproceedings{Yin:2018_LearningMineAlignedCodeNLPairsSO,
author = {Yin, Pengcheng and Deng, Bowen and Chen, Edgar and Vasilescu, Bogdan and Neubig, Graham},
title = {Learning to Mine Aligned Code and Natural Language Pairs from Stack Overflow},
year = {2018},
isbn = {9781450357166},
publisher = {Association for Computing Machinery},
address = {New York, NY, USA},
url = {https://doi.org/10.1145/3196398.3196408},
doi = {10.1145/3196398.3196408},
booktitle = {Proceedings of the 15th International Conference on Mining Software Repositories}
}

@article{Rigby:2013_DiscoveringEC,
  title={Discovering essential code elements in informal documentation},
  author={Peter C. Rigby and Martin P. Robillard},
  journal={2013 35th International Conference on Software Engineering (ICSE)},
  year={2013},
  pages={832-841}
}

@article{Treude:2015_TaskNav,
author={C. {Treude} and M. P. {Robillard} and B. {Dagenais}},
journal={IEEE Transactions on Software Engineering},
title={Extracting Development Tasks to Navigate Software Documentation},
year={2015},
volume={41},
number={6},
pages={565-581},
doi={10.1109/TSE.2014.2387172},
ISSN={2326-3881},
month={June},}